%% Manuals

@manual{ZkbHandbuchDerItArchitektur,
    Title = {Handbuch der IT-Architektur},
    Author = {Team IT-Architektur Konzepte und Standards},
    Organization = {Zürcher Kantonalbank},
    Address = {Bahnhofstrasse 9, 8010 Zürich},
    Edition = {7.5},
    Month = {Februar},
    Year = {2010},
    Note = {Allgemeine Bestimmungen zur IT-Architektur, innerhalb der Zürcher Kantonalbank}}

%% Dokuments

@misc{hsz_reglement,
    Annote = {https://ebs.hsz-t.ch/files/ebs_files/Reglemente/Kreditsystem/Diplomarbeit/Bestimmungen_fuer_DA_V2.pdf},
    Author = {Jean-Gabriel Gander, ehemaliger Studienleiter Informatik},
    Howpublished = {\url{https://ebs.hsz-t.ch/files/ebs_files/Reglemente/Kreditsystem/Diplomarbeit/Bestimmungen_fuer_DA_V2.pdf}},
    Month = {Mai},
    Title = {Bestimmungen für die Diplomarbeit},
    Year = {2006}}

@misc{hsz_bewertungskriterien,
    Annote = {https://ebs.hsz-t.ch/files/ebs_files/Reglemente/Kreditsystem/Diplomarbeit/Bewertungskriterien-Bachelorarbeit_Studiengang-Informatik-der-HSZ-T_V1.0.xls},
    Author = {Dr. Olaf Stern, Studienleiter Informatik},
    Howpublished = {\url{https://ebs.hsz-t.ch/files/ebs_files/Reglemente/Kreditsystem/Diplomarbeit/Bewertungskriterien-Bachelorarbeit_Studiengang-Informatik-der-HSZ-T_V1.0.xls}},
    Month = {Mai},
    Title = {Bewertungskriterien Diplomarbeit},
    Year = {2009}}

@misc{hsz_ablauf,
    Annote = {https://ebs.hsz-t.ch/files/ebs_files/Reglemente/Kreditsystem/Diplomarbeit/Ablauf-Bachelorarbeit_Studiengang-Informatik-der-HSZ-T_V1.3.pdf},
    Author = {Dr. Olaf Stern, Studienleiter Informatik},
    Howpublished = {\url{https://ebs.hsz-t.ch/files/ebs_files/Reglemente/Kreditsystem/Diplomarbeit/Ablauf-Bachelorarbeit_Studiengang-Informatik-der-HSZ-T_V1.3.pdf}},
    Month = {Juni},
    Title = {Ablauf Diplomarbeit},
    Year = {2009}}

@misc{hsz_poster,
    Annote = {https://ebs.hsz-t.ch/files/ebs_files/Reglemente/Kreditsystem/Diplomarbeit/Richtlinie-Poster-Bachelorarbeit_Studiengang-Informatik-der-HSZ-T_V1-pdf.pdf},
    Author = {Hochschule für Technik Zürich},
    Howpublished = {\url{https://ebs.hsz-t.ch/files/ebs_files/Reglemente/Kreditsystem/Diplomarbeit/Richtlinie-Poster-Bachelorarbeit_Studiengang-Informatik-der-HSZ-T_V1-pdf.pdf}},
    Month = {Mai},
    Title = {Richtlinie Poster zur Bachelorarbei},
    Year = {2009}}

@misc{DiplomarbeitStephanSchuster,
    Annote = {http://wingsframework.org/doc/papers/Diplomarbeit_Stephan_Schuster.pdf},
    Author = {Stephan Schuster},
    Howpublished = {\url{http://wingsframework.org/doc/papers/Diplomarbeit_Stephan_Schuster.pdf}},
    Month = {März},
    Title = {Erweiterung des Web-Frameworks wingS durch die Integration von optionalem Ajax},
    Year = {2007}}

@misc{RichInternetApplicationsWhitePaper,
    Annote = {http://download.macromedia.com/pub/flash/whitepapers/richclient.pdf},
    Author = {Jeremy Allaire},
    Howpublished = {\url{http://download.macromedia.com/pub/flash/whitepapers/richclient.pdf}},
    Month = {März},
    Title = {Macromedia Flash MX—A next-generation rich client},
    Year = {2002}}

@misc{HttpBasics,
    Annote = {http://mugg.at/fhsg/2005-2006/2006-02-03/folien_http-basics.pdf},
    Author = {Christian Mugg},
    Howpublished = {\url{http://mugg.at/fhsg/2005-2006/2006-02-03/folien_http-basics.pdf}},
    Month = {Februar},
    Title = {HTTP - Basics},
    Year = {2006}}

@misc{SoftwareanalyseBegriffeUndTechniken,
    Annote = {http://www2.cs.uni-paderborn.de/cs/ag-engels/ag_dt/Courses/Lehrveranstaltungen/Siemens-Seminar/Ausarbeitungen/Pepping-Florian.pdf},
    Author = {Florian Pepping},
    Howpublished = {\url{http://www2.cs.uni-paderborn.de/cs/ag-engels/ag_dt/Courses/Lehrveranstaltungen/Siemens-Seminar/Ausarbeitungen/Pepping-Florian.pdf}},
    Month = {Mai},
    Title = {Softwareanalyse: Begriffe und Techniken},
    Year = {2005}}

@misc{GUIAnalysenUndBibliotheken,
    Annote = {http://www2.informatik.uni-stuttgart.de/iste/ps/Lehre/SS2008/HS_Programmanalysen/gui.wittlinger.pdf},
    Author = {Markus Wittlinger},
    Howpublished = {\url{http://www2.informatik.uni-stuttgart.de/iste/ps/Lehre/SS2008/HS_Programmanalysen/gui.wittlinger.pdf}},
    Month = {Juli},
    Title = {GUI-Analysen und Bibliotheken},
    Year = {2008}}

@misc{GUIDesignPatterns,
    Annote = {http://www.sws.bfh.ch/~amrhein/Skripten/Swing/Pattern.pdf},
    Author = {Dr. Beatrice Amrhein},
    Howpublished = {\url{http://www.sws.bfh.ch/~amrhein/Skripten/Swing/Pattern.pdf}},
    Month = {Februar},
    Title = {Design Pattern für Graphische Benutzeroberflächen},
    Year = {2008}}

@misc{WebApplicationSolutions,
    Annote = {http://www.lukew.com/resources/WebApplicationSolutions.pdf},
    Author = {Luke Wroblewsk, Frank Ramirez},
    Howpublished = {\url{http://www.lukew.com/resources/WebApplicationSolutions.pdf}},
    Title = {Web Application Solutions: A Designer’s Guide}}

%% Wikipedia
  
@misc{Nutzwertanalyse,
  author = {Wikipedia},
  title = {Nutzwertanalyse},
  howpublished = "\url{http://de.wikipedia.org/w/index.php?title=Nutzwertanalyse&oldid=86980368}",
  year = {2011},
  month = {März},
  note = "[Online; 31. März 2011]"}  
  
@misc{AnalyticHierarchyProcess,
  author = {Wikipedia},
  title = {Analytic Hierarchy Process},
  howpublished = "\url{http://de.wikipedia.org/w/index.php?title=Analytic_Hierarchy_Process&oldid=87277232}",
  year = {2011},
  month = {Januar},
  note = "[Online; 04. April 2011]"}
  
@misc{ObserverDesignPattern,
  author = {Wikipedia},
  title = {Observer (Entwurfsmuster)},
  howpublished = "\url{http://de.wikipedia.org/w/index.php?title=Observer_(Entwurfsmuster)&oldid=86993850}",
  year = {2011},
  month = {März},
  note = "[Online; 04. April 2011]"}
  
@misc{DesignPattern,
  author = {Wikipedia},
  title = {Entwurfsmuster},
  howpublished = "\url{http://de.wikipedia.org/w/index.php?title=Entwurfsmuster&oldid=87357381}",
  year = {2011},
  month = {April},
  note = "[Online; 18. April 2011]"}
  
@misc{SwingWorker,
  author = {Wikipedia},
  title = {SwingWorker},
  howpublished = "\url{http://en.wikipedia.org/w/index.php?title=SwingWorker&oldid=386414199}",
  year = {2010},
  month = {September},
  note = "[Online; 04. April 2011]"}
  
@misc{RichInternetApplication,
  author = {Wikipedia},
  title = {Rich Internet Application},
  howpublished = "\url{http://de.wikipedia.org/w/index.php?title=Rich_Internet_Application&oldid=86143678}",
  year = {2011},
  month = {März},
  note = "[Online; 05. April 2011]"}
  
@misc{RichInternetApplications,
  author = {Wikipedia},
  title = {Rich Internet application},
  howpublished = "\url{http://en.wikipedia.org/w/index.php?title=Rich_Internet_application&oldid=417575667}",
  year = {2011},
  month = {März},
  note = "[Online; 05. April 2011]"}
  
@misc{SocialEngineering,
  author = {Wikipedia},
  title = {Social Engineering (Sicherheit)},
  howpublished = "\url{http://de.wikipedia.org/w/index.php?title=Social_Engineering_(Sicherheit)&oldid=87231859}",
  year = {2011},
  month = {April},
  note = "[Online; 05. April 2011]"}
  
@misc{Basiswerte,
  author = {Wikipedia},
  title = {Basiswert},
  howpublished = "\url{http://de.wikipedia.org/w/index.php?title=Basiswert&oldid=78073732}",
  year = {2010},
  month = {August},
  note = "[Online; 19. April 2011]"}
  
@misc{Sensitivitaetsanalyse,
  author = {Wikipedia},
  title = {Sensitivitätsanalyse},
  howpublished = "\url{http://de.wikipedia.org/w/index.php?title=Sensitivit%C3%A4tsanalyse&oldid=87406951}",
  year = {2011},
  month = {April},
  note = "[Online; 08. Mai 2011]"}
  
@misc{Mittelwert,
  author = {Wikipedia},
  title = {Mittelwert},
  howpublished = "\url{http://de.wikipedia.org/w/index.php?title=Mittelwert&oldid=87198455}",
  year = {2011},
  month = {April},
  note = "[Online; 08. Mai 2011]"}
  
@misc{Median,
  author = {Wikipedia},
  title = {Median},
  howpublished = "\url{http://de.wikipedia.org/w/index.php?title=Median&oldid=87404521}",
  year = {2011},
  month = {April},
  note = "[Online; 08. Mai 2011]"}
  
@misc{JavaVirtualMachine,
  author = {Wikipedia},
  title = {Java Virtual Machine},
  howpublished = "\url{http://de.wikipedia.org/w/index.php?title=Java_Virtual_Machine&oldid=86955036}",
  year = {2011},
  month = {März},
  note = "[Online; 08. Mai 2011]"}
  
@misc{JavaWebStart,
  author = {Wikipedia},
  title = {Java Web Start},
  howpublished = "\url{http://de.wikipedia.org/w/index.php?title=Java_Web_Start&oldid=75585629}",
  year = {2010},
  month = {Juni},
  note = "[Online; 08. Mai 2011]"}
  
@misc{JavaApplet,
  author = {Wikipedia},
  title = {Java Applet},
  howpublished = "\url{http://de.wikipedia.org/w/index.php?title=Java-Applet&oldid=86761109}",
  year = {2011},
  month = {März},
  note = "[Online; 08. Mai 2011]"}

%% Web Ressources

@misc{WoArbeitenInformatikfachleute,
  author = {Schweizer Informatik Gesellschaft},
  title = {{Arbeitsplätze: Wo arbeiten Informatikfachleute?}},
  howpublished = "\url{http://www.i-s.ch/index.php?id=is242}",
  note = "[Online; 29. März 2011]"}
  
@misc{AnforderungenAnWebframeworks,
  author = {agilelearn's posterous},
  title = {18 Anforderungen an Webframeworks - OpenDoc},
  howpublished = "\url{http://agilelearn.posterous.com/18-anforderungen-an-webframeworks-opendoc}",
  year = {2011},
  month = {März},
  note = "[Online; 29. März 2011]"}
  
@misc{StrutsDokumentation,
  author = {Apache Software Foundation},
  title = {Installing Struts with your servlet container},
  howpublished = "\url{http://struts.apache.org/1.3.10/userGuide/installation-tc.html}",
  year = {2008},
  note = "[Online; 15. Mai 2011]"}
  
@misc{WicketDokumentation,
  author = {Apache Software Foundation},
  title = {Apache Wicket - Setup Tomcat},
  howpublished = "\url{https://cwiki.apache.org/WICKET/setup-tomcat.html}",
  note = "[Online; 15. Mai 2011]"}
  
@misc{AhpNwaKombination,
  author = {Jörg Bucher},
  title = {AHP und NWA - Vergleich und Kombination beider Methoden},
  howpublished = "\url{http://community.easy-mind.de/page-77.htm#kombinierte}",
  year = {2005},
  month = {Januar},
  note = "[Online; 31. März 2011]"}
  
@misc{JGoodiesForms,
  author = {Karsten Lentzsch},
  title = {JGoodies Forms - Build better screens faster},
  howpublished = "\url{http://www.jgoodies.com/freeware/forms/index.html}",
  year = {2010},
  note = "[Online; 04. April 2011]"}
  
@misc{RichInternetApplicationMarketShare,
  author = {Stat OWL},
  title = {Rich Internet Application Market Share - RIA Market Penetration and Global Usage},
  howpublished = "\url{http://www.statowl.com/custom_ria_market_penetration.php}",
  year = {2011},
  note = "[Online; 05. April 2011]"}
  
@misc{SwingComponentsByOracle,
  author = {Oracle},
  title = {A Visual Guide to Swing Components (Java Look and Feel)},
  howpublished = "\url{http://download.oracle.com/javase/tutorial/ui/features/components.html}",
  year = {2011},
  note = "[Online; 14. April 2011]"}
  
@misc{SwingComponentsHighscore,
  author = {Boris Schäling},
  title = {Kapitel 2: Swing},
  howpublished = "\url{http://www.highscore.de/java/aufbau/swing.html}",
  year = {2010},
  note = "[Online; 14. April 2011]"}
  
@misc{KillerPresentation,
  author = {Jesse Desjardins},
  title = {You suck at Power Point!},
  howpublished = "\url{http://www.slideshare.net/jessedee/you-suck-at-powerpoint}",
  year = {2010},
  note = "[Online; 17. April 2011]"}
  
@misc{JAHP,
  author = {Maxime Morge},
  title = {Java Analytic Hierarchy Process},
  howpublished = "\url{http://www.di.unipi.it/~morge/software/JAHP.html}",
  year = {2003},
  note = "[Online; 21. April 2011]"}
    
@misc{ModJk,
  author = {The Apache Software Foundation},
  title = {The Apache Tomcat Connector},
  howpublished = "\url{http://tomcat.apache.org/connectors-doc/}",
  year = {2010},
  note = "[Online; 21. April 2011]"}
    
@misc{JBossWeb,
  author = {Red Hat Middleware, LLC},
  title = {JBossWeb Documentation},
  howpublished = "\url{http://docs.jboss.org/jbossweb/2.1.x/index.html}",
  year = {2008},
  note = "[Online; 21. April 2011]"}
    
@misc{JBossAS,
  author = {Red Hat Middleware, LLC},
  title = {JBoss Application Server},
  howpublished = "\url{http://www.jboss.org/jbossas}",
  year = {2011},
  note = "[Online; 21. April 2011]"}
    
@misc{ApacheTomcat,
  author = {The Apache Software Foundation},
  title = {Apache Tomcat},
  howpublished = "\url{http://tomcat.apache.org/}",
  year = {2011},
  note = "[Online; 21. April 2011]"}
    
@misc{WillkommenBeiDerZkb,
  author = {Stefan Vogler, Fritz Lienhard},
  title = {Willkommen bei der ZKB},
  howpublished = "\url{http://www.markenexperte.ch/upload/pdf/willkommen-thexis.pdf}",
  year = {1999},
  note = "[Online; 22. April 2011]"}
    
@misc{VaadinSecurityAlerts,
  author = {Vaadin Ltd},
  title = {Vaadin - Security Alerts},
  howpublished = "\url{http://vaadin.com/security-alerts}",
  year = {2011},
  note = "[Online; 11. Mai 2011]"}
    
@misc{VaadinPro,
  author = {Vaadin Ltd},
  title = {Vaadin Pro},
  howpublished = "\url{http://vaadin.com/pro}",
  year = {2011},
  note = "[Online; 15. Mai 2011]"}
    
@misc{ULCArchitectureGuide,
  author = {Canoo Engineering AG},
  title = {ULC Architektur Guide},
  howpublished = "\url{http://ulc.canoo.com/developerzone/ULCArchitectureGuide.pdf}",
  note = "[Online; 08. Mai 2011]"}
    
@misc{SoftwareLifeCycleModels,
  author = {Osman Balci, William S. Gilley, Robin J. Adams, Emre Tunar, N. Dwight Barnette},
  title = {Software Life Cycle Models},
  howpublished = "\url{http://courses.cs.vt.edu/~csonline/SE/Lessons/LifeCycle/index.html}",
  note = "[Online; 22. April 2011]"}
    
@misc{StaticCodeAnalysisIntelliJ,
  author = {JetBrains s.r.o},
  title = {Static Code Analysis},
  howpublished = "\url{http://www.jetbrains.com/idea/documentation/static_code_analysis.html}",
  note = "[Online; 07. April 2011]"}

%% Books

@book{AnalyticHierarchyProcessBook,
	Address = {Columbus, OH 43272, USA},
	Author = {Thomas L. Saaty},
	Isbn = {0-07-054371-2},
	Publisher = {McGraw Hill Higher Education},
	Title = {The Analytic Hierarchy Process: Planning, Priority Setting, Resource Allocation},
	Year = {1980}}

@book{AjaxInAction,
	Address = {Greenwich, CT , USA},
	Author = {Dave Crane, Eric Pascarello, Darren James},
	Isbn = {1-93-239461-3},
	Publisher = {Manning},
	Title = {Ajax in Action},
	Year = {2005}}

@book{SoftwareQualitaetsmanagementInDerPraxis,
	Address = {Postfach 86 04 20, 81631 München, Deutschland},
	Author = {Ernest Wallmüller},
	Isbn = {3-44-621367-8},
	Publisher = {Carl Hanser Verlag GmbH \& Co. KG},
	Title = {Software-Qualitätsmanagement in der Praxis},
	Year = {2001}}

@book{SoftwareEngineering,
	Address = {Boston MA},
	Author = {Stephen R. Schach},
	Publisher = {McGraw-Hill},
	Title = {Software Engineering},
	Year = {1999}}

@book{BookOfVaadin,
	Address = {Ruukinkatu 2-4, FI-20540 Turku, Finland},
	Author = {Marko Groenroos},
	Publisher = {Vaadin Ltd},
	Title = {Book of Vaadin},
	Year = {2010}}
	